<?xml version="1.0" encoding="UTF-8"?><collection xmlns="http://www.loc.gov/MARC21/slim"><record><leader>00407nam--2200133-i-4500</leader><controlfield tag="001">000022724</controlfield><controlfield tag="002">20161230</controlfield><controlfield tag="005">20161230201034</controlfield><controlfield tag="008">060222s1000------------r-----000-0-eng-d</controlfield><datafield ind1=" " ind2=" " tag="080"><subfield code="a">547</subfield></datafield><datafield ind1=" " ind2=" " tag="100"><subfield code="a">Hanssgen, Manfred</subfield></datafield><datafield ind1=" " ind2=" " tag="245"><subfield code="a">3-aryl-3h.4h-1.3.2-benzodithiazin-1.1.3-trioxide-cyclische sulfoximine mit  aktivierter methylengruppe.</subfield></datafield><datafield ind1=" " ind2=" " tag="260"><subfield code="a">.Stuttgart, Technische Hochschule, 1967. 61 P</subfield></datafield><datafield ind1=" " ind2=" " tag="852"><subfield code="a">28273</subfield></datafield></record></collection>